@article{wang2021graph,
  title={Graph convolutional network for fMRI analysis based on connectivity neighborhood},
  author={Wang, Lebo and Li, Kaiming and Hu, Xiaoping P},
  journal={Network Neuroscience},
  volume={5},
  number={1},
  pages={83--95},
  year={2021},
  publisher={MIT Press One Rogers Street, Cambridge, MA 02142-1209, USA journals-info~â€¦}
}

@article{craddock2013neuro,
  title={The neuro bureau preprocessing initiative: open sharing of preprocessed neuroimaging data and derivatives},
  author={Craddock, Cameron and Benhajali, Yassine and Chu, Carlton and Chouinard, Francois and Evans, Alan and Jakab, Andr{\'a}s and Khundrakpam, Budhachandra Singh and Lewis, John David and Li, Qingyang and Milham, Michael and others},
  journal={Frontiers in Neuroinformatics},
  volume={7},
  number={27},
  pages={5},
  year={2013}
}


@inproceedings{graph-u-net,
  title        = {Graph u-nets},
  author       = {Gao, Hongyang and Ji, Shuiwang},
  booktitle    = {international conference on machine learning},
  pages        = {2083--2092},
  year         = {2019},
  organization = {PMLR}
}


@inproceedings{ronneberger2015u,
  title        = {U-net: Convolutional networks for biomedical image segmentation},
  author       = {Ronneberger, Olaf and Fischer, Philipp and Brox, Thomas},
  booktitle    = {Medical image computing and computer-assisted intervention--MICCAI 2015: 18th international conference, Munich, Germany, October 5-9, 2015, proceedings, part III 18},
  pages        = {234--241},
  year         = {2015},
  organization = {Springer}
}